@Book{infratest186,
	author = {Infratest},
	title = {8. Faktenbericht - Juni 2005 - Abbildung 186, Seite 190},
	address = {\url{http://www.tns-infratest.com/06_BI/bmwa/Faktenbericht_8/06480_index_bmwa.asp}},
	note = {Stand: 19.07.2006}
}
@Book{infratest215,
	author = {Infratest},
	title = {8. Faktenbericht - Juni 2005 - Abbildung 215, Seite 211},
	address = {\url{http://www.tns-infratest.com/06_BI/bmwa/Faktenbericht_8/06480_index_bmwa.asp}},
	note = {Stand: 19.07.2006}
}
@Book{infratest216,
	author = {Infratest},
	title = {8. Faktenbericht - Juni 2005 - Abbildung 216, Seite 212},
	address = {\url{http://www.tns-infratest.com/06_BI/bmwa/Faktenbericht_8/06480_index_bmwa.asp}},
	note = {Stand: 19.07.2006}
}
@Book{infratest217,
	author = {Infratest},
	title = {8. Faktenbericht - Juni 2005 - Abbildung 217, Seite 215},
	address = {\url{http://www.tns-infratest.com/06_BI/bmwa/Faktenbericht_8/06480_index_bmwa.asp}},
	note = {Stand: 19.07.2006}
}
@Book{statistischesbundesamt,
	author = {Statistisches Bundesamt},
	title = {Informationstechnologie in Unternehmen und Haushalten 2005},
	address = {\url{http://destatis.de/download/d/veroe/Pressebroschuere_IKT2005.pdf}},
	note = {Stand: 19.07.2006}
}
@Book{kritis,
	author = {Bundesministerium für Sicherheit in der Informationstechnik (BSI)},
	title = {KRITIS - Einführung},
	address = {\url{http://www.bsi.bund.de/fachthem/kritis/KRITIS_Einfuehrung.pdf}},
	note = {Stand: 19.04.2006}
}
@Book{symantec,
	author = {Symantec Corp},
	title = {Bericht zu Bedrohungen aus dem Internet, Band VIII - 2005},
	address = {\url{http://enterprisesecurity.symantec.de/Content/displaypdf.cfm?PDFID=2221&EID=0}},
	note = {Stand: 28.06.2006}
}
@Book{stewart,
	author = {Joe Stewart},
	title = {DNS Cache Poisoning - The Next Generation},
	address = {\url{http://www.lurhq.com/dnscache.pdf}},
	note = {Stand: 25.07.2006}
}
@Book{routing,
	author = {Felix Lindner},
	title = {Route 666 - c't 05/04, S. 210},
	address = {\url{http://www.heise.de/security/artikel/44824/0}},
	note = {Stand: 28.07.2006}
}
@Book{cisco,
	author = {Cisco},
	title = {Neue Infrastruktur für Service Provider, die 'any over IP' ermöglicht - Pressemitteilung 01.05.2001},
	address = {\url{http://www.cisco.com/global/AT/presse/archiv/pressemitteilungen/ar_home_s124.shtml}},
	note = {}
}
@Book{icpc,
	author = {ICPC - International Cable Protection Committee},
	title = {Cable Database},
	address = {\url{http://www.iscpc.org/cabledb/cabledb.htm}},
	note = {Stand: 02.08.2006}
}
@Book{decix,
	author = {DE-CIX},
	title = {},
	address = {\url{http://www.de-cix.net/info/connected.html}},
	note = {Stand: 02.08.2006}
}
@Book{linx,
	author = {LINX},
	title = {},
	address = {\url{http://www.linx.net}},
	note = {Stand: 02.08.2006}
}
@Book{nyiix,
	author = {NYIIX},
	title = {},
	address = {\url{http://www.nyixx.net}},
	note = {Stand: 02.08.2006}
}
@Book{heise,
	author = {heise.de - News},
	title = {Internet steckte DE-CIX-Ausfall gut weg},
	address = {\url{http://www.heise.de/newsticker/meldung/36192}},
	note = {16.04.2003}
}
@Book{zdnet,
	author = {zdnet.com - News},
	title = {Hack attack knocks out FBI site},
	address = {\url{http://news.zdnet.com/2100-9595_22-514742.html}},
	note = {26.05.1999}
}
@Book{news,
	author = {news.com},
	title = {How a basic attack crippled Yahoo},
	address = {\url{http://news.com.com/2100-1023-236621.html}},
	note = {07.02.2000}
}
@Book{cnn,
	author = {CNNMoney},
	title = {More sites hacked in wake of Yahoo!},
	address = {\url{http://money.cnn.com/2000/02/08/technology/yahoo/}},
	note = {08.02.2000}
}
@Book{news2,
	author = {news.com},
	title = {Leading Web sites under attack},
	address = {\url{http://news.com.com/2100-1017-236683.html}},
	note = {09.02.2000}
}
@Book{networkworld,
	author = {NETWORKWORLD},
	title = {CERT goes down to DoS attacks},
	address = {\url{http://www.networkworld.com/news/2001/0523certdown.html}},
	note = {23.05.2001}
}
@Book{sophos,
	author = {SOPHOS},
	title = {Top Ten der im Januar 2004 an Sophos gemeldeten Viren und HoaxesTop Ten der im Januar 2004 an Sophos gemeldeten Viren und Hoaxes},
	address = {\url{http://www.sophos.de/pressoffice/news/articles/2004/01/pr_20040130topten.html}},
	note = {30.01.2004}
}
@Book{symantecmydoom,
	author = {Symantec Corp.},
	title = {W32.Mydoom.A@mm - Warnung},
	address = {\url{http://www.symantec.com/region/de/techsupp/avcenter/venc/data/de-w32.mydoom.a@mm.html}},
	note = {27.01.2004}
}
@Book{bsimydoom,
	author = {BSI},
	title = {Virenwarnung: W32.Novarg.A@mm},
	address = {\url{http://www.bsi.de/av/vb/novarg.htm}},
	note = {26.01.2004}
}
@Book{wikipediamydoom,
	author = {Wikipedia},
	title = {MyDoom},
	address = {\url{http://de.wikipedia.org/wiki/Mydoom}},
	note = {09.08.2006}
}
@Book{isn,
	author = {Internet Security News},
	title = {Dutch government sites attacked},
	address = {\url{http://www.landfield.com/isn/mail-archive/2004/Oct/0003.html}},
	note = {06.10.2004}
}
@Book{thelocal,
	author = {The Local},
	title = {Hackers crash Swedish government web site},
	address = {\url{http://www.thelocal.se/article.php?ID=3983&date=20060604}},
	note = {04.06.2006}
}
@Book{gsmsms,
	author = {3GPP},
	title = {Technical realization of the Short Message Service (SMS)},
	address = {\url{http://www.3gpp.org/ftp/Specs/html-info/0340.htm}},
	note = {11.01.2002}
}
@Book{gsmgprs,
	author = {3GPP},
	title = {General Packet Radio Service (GPRS)},
	address = {\url{http://www.3gpp.org/ftp/Specs/html-info/0360.htm}},
	note = {02.10.2002}
}
@Book{gsmhscsd,
	author = {3GPP},
	title = {High Speed Circuit Switched Data (HSCSD)},
	address = {\url{http://www.3gpp.org/ftp/Specs/html-info/0234.htm}},
	note = {25.06.1999}
}
@Book{gsmumts,
	author = {3GPP},
	title = {UMTS Phase 1},
	address = {\url{http://www.3gpp.org/ftp/Specs/html-info/22100.htm}},
	note = {05.10.2001}
}
@Book{tanenbaum,
	author = {Andrew S. Tanenbaum},
	title = {Computer Networks},
	year = {1996},
	publisher = {Prentice Hall PTR},
	isbn = {0-13-349945-6}
}
@Article{cerfkahn,
	author = {Cerf, V. and Kahn, R.},
	title = {A Protokoll for Packet Network Interconnection},
	journal = {IEEE Transactions on Communications},
	year = {1974},
	OPTkey = {},
	OPTvolume = {COM-22},
	OPTnumber = {},
	OPTpages = {637-648},
	OPTmonth = {Mai},
	OPTnote = {},
	OPTannote = {}
}
@Book{dnsamplification,
	author = {Vaughn, Randal and Evron, Gadi},
	title = {DNS Amplification Attacks},
	address = {\url{http://www.isotf.org/news/DNS-Amplification-Attacks.pdf}},
	note = {17.03.2006}
}
@Book{lilialajmi,
	author = {Lilia Lajmi},
	title = {Paketsubstitution in Audiosignalen bei paketorientierter Audioübertragung},
	address = {\url{http://ftsu01.nue.tu-berlin.de/elvera/files/0937Lajmi2003.pdf}},
	year = {2003}
}
@Book{rfc792icmp,
	author = {IETF},
	title = {RFC 792 - Internet Control Management Protocol},
	address = {\url{http://www.ietf.org/rfc/rfc792.txt}},
	note = {}
}
@Book{rfc959ftp,
	author = {IETF},
	title = {RFC 959 - File Transport Protocol},
	address = {\url{http://www.ietf.org/rfc/rfc0959.txt}},
	note = {}
}
@Book{rfc2616http,
	author = {IETF},
	title = {RFC 2616 - Hypertext Transport Protocol v1.1},
	address = {\url{http://www.ietf.org/rfc/rfc2616.txt}},
	note = {}
}
@Book{rfc4251ssh,
	author = {IETF},
	title = {RFC 4251 - Secure Shell Protocol},
	address = {\url{http://www.ietf.org/rfc/rfc4251.txt}},
	note = {}
}
@Book{rfc2827ingressfiltering,
	author = {IETF},
	title = {RFC 2827 - Network Ingress Filtering},
	address = {\url{http://www.ietf.org/rfc/rfc2827.txt}},
	note = {}
}
@Book{ciscosnmp,
	author = {Security Focus},
	title = {Cisco SNMP configuration attack with a GRE tunnel},
	address = {\url{http://www.securityfocus.com/infocus/1847}},
	note = {16.09.2005}
}
@Book{ciscoexploit,
	author = {Security Focus},
	title = {Exploiting Cisco Routers: Part 1},
	address = {\url{http://www.securityfocus.com/infocus/1734}},
	note = {29.09.2003}
}
@Book{rfc1034dns1,
	author = {IETF},
	title = {Domain Names - Concepts and Facilities},
	address = {\url{http://www.ietf.org/rfc/rfc1034.txt}},
	note = {}
}
@Book{rfc1035dns2,
	author = {IETF},
	title = {Domain Names - Implementation and Specification},
	address = {\url{http://www.ietf.org/rfc/rfc1035.txt}},
	note = {}
}
@Book{amsix,
	author = {Amsterdam Internet Exchange},
	title = {},
	address = {\url{http://www.ams-ix.net}},
	note = {Stand: 24.11.2006}
}
@Book{equinix,
	author = {EUQUINIX},
	title = {},
	address = {\url{https://ecc.equinix.com/}},
	note = {}
}
@Book{heady,
	author = {Heady, R. and Luger, G. and Maccabe, A. and Servilla, M.},
	title = {The architecture of a network level intrusion detection},
	publisher = {Computer Science Department},
	note = {University of New Mexico},
	year = {1990}
}
@Article{lof,
	author = {Breuning, M.M. and Kriegel H.-P. and Ng, R.T. and Sander, J.},
	title = {LOF: Identifying Density-Based Local Outliers},
	journal = {Proceedings of the ACM SIGMOD Conference},
	year = {2000},
	OPTkey = {},
	OPTvolume = {COM-22},
	OPTnumber = {},
	OPTpages = {637-648},
	OPTmonth = {Mai},
	OPTnote = {},
	OPTannote = {}
}
@Book{lazarevic,
	author = {Lazarevic, Aleksandar and Ertoz, Levent and Kumar, Vipin and Ozgur, Aysel and Srivastava, Jaideep},
	title = {A Comparative Study of Anomaly Detection Schemes in Network Intrusion Detection},
	publisher = {Computer Science Department},
	note = {University of Minnesota},
	year = {2003}
}
@Book{preventingdos,
	author = {Anderson, Tom and Roscoe, Timothy and Wetherall, David},
	title = {Preventing Internet Denial-of-Service with Capabilities},
	publisher = {Hotnets-II, Cambridge, MA},
	note = {},
	year = {2003}
}
@Book{sos,
	author = {Keromytis, Angelos D. and Misra, Vishal and Rubenstein, Dan},
	title = {SOS: An Architecture for Mitigating DDoS Attacks},
	publisher = {IEEE Jounal on Selected Areas in Communications, Special Issue on Service Overlay Networks},
	note = {},
	year = {2003}
}
@Book{doslimiting,
	author = {Yang, Xiaowei and Wetherall, David and Anderson, Thomas},
	title = {A DoS-limiting Network Architecture},
	publisher = {ACM SIGCOMM},
	note = {},
	year = {2005}
}
@Book{mayday,
	author = {Anderson, D.},
	title = {Mayday: Distributed Filtering for Internet Services},
	publisher = {3rd Usenix USITS},
	year = {2003},
	note = {}
}
@Book{filtersource,
	author = {Ferguson, P. and Senie, D.},
	title = {Network Ingress Filtering: Defeating Dinial of Service Attacks that Employ IP Source Address Spoofing},
	publisher = {},
	year = {2000},
	note = {}
}
@Book{iptraceback,
	author = {Savage, S. and Wetherall, D. and Karlin, A. and Anderson, T.},
	title = {Practical Network Support for IP Traceback},
	publisher = {ACM SIGCOMM},
	year = {2000},
	note = {}
}
@Book{iptraceback2,
	author = {Song, D. and Perrig, A.},
	title = {Advance and Authenticated Marking Schemes for IP Traceback},
	publisher = {IEEE Infocom},
	year = {2001},
	note = {}
}
@Book{pushback,
	author = {Mahajan, R. and Bellovin, S. and Floyd, S. and Ioannidis, J. and Paxxon, V. and Shenker, S.},
	title = {Controlling High Bandwidth Aggregates in the Network},
	publisher = {Computer Communications Review},
	year = {},
	note = {2002}
}
@Book{pushback2,
	author = {Ioannidis, J. and Bellovin, S.},
	title = {Implementing Pushback: Router-Based Defense Against DoS Attacks},
	publisher = {NDSS},
	year = {2002},
	note = {}
}
@Book{,
	author = {},
	title = {},
	address = {\url{}},
	note = {}
}